<?xml version="1.0" encoding="UTF-8"?>
<collection xmlns='http://www.loc.gov/MARC21/slim' xmlns:xsi='http://www.w3.org/2001/XMLSchema-instance' xsi:schemaLocation='http://www.loc.gov/MARC21/slim http://www.loc.gov/standards/marcxml/schema/MARC21slim.xsd'>
  <record>
    <!-- 0. Neigther PRT nor 856 fiels -->
  </record>
  <record>
    <!-- 1. Only singele PRT field  -->
    <datafield tag="PRT" ind1=" " ind2=" ">
      <subfield code="a">foo</subfield>
      <subfield code="b">https://sandbox01-na.alma.exlibrisgroup.com/view/uresolver/01TULI_INST/openurl?u.ignore_date_coverage=true&amp;rft.mms_id=991026913959703811</subfield>
      <subfield code="f">Access full text online.</subfield>
      <subfield code="d">MAIN</subfield>
      <subfield code="8">53377910870003811</subfield>
    </datafield>
  </record>
  <record>
    <!-- 2. Only multiple PRT field  -->
    <datafield tag="PRT" ind1=" " ind2=" ">
      <subfield code="a">foo</subfield>
      <subfield code="b">https://sandbox01-na.alma.exlibrisgroup.com/view/uresolver/01TULI_INST/openurl?u.ignore_date_coverage=true&amp;rft.mms_id=991026913959703811</subfield>
      <subfield code="f">Access full text online.</subfield>
      <subfield code="d">MAIN</subfield>
      <subfield code="8">53377910870003811</subfield>
      <subfield code="9">Available</subfield>
    </datafield>
    <datafield tag="PRT" ind1=" " ind2=" ">
      <subfield code="a">bar</subfield>
      <subfield code="b">https://sandbox01-na.alma.exlibrisgroup.com/view/uresolver/01TULI_INST/openurl?u.ignore_date_coverage=true&amp;rft.mms_id=991026913959703811</subfield>
      <subfield code="f">Access full text online.</subfield>
      <subfield code="d">MAIN</subfield>
      <subfield code="8">53377910870003811</subfield>
      <subfield code="9">Not Available</subfield>
    </datafield>
  </record>
  <record>
    <!-- 3. Only single 856 field (no exception) -->
    <datafield tag="856" ind1="4" ind2="0">
      <subfield code="z">foo</subfield>
      <subfield code="u">http://foobar.com</subfield>
    </datafield>
  </record>
  <record>
    <!-- 4. Only multiple 856 fields (no exceptions) -->
    <datafield tag="856" ind1="4" ind2="1">
      <subfield code="z">z</subfield>
      <subfield code="3">3</subfield>
      <subfield code="u">http://foobar.com</subfield>
    </datafield>
    <datafield tag="856" ind1="4" ind2="1">
      <subfield code="y">y</subfield>
      <subfield code="u">http://foobar.com</subfield>
    </datafield>
    <datafield tag="856" ind1="4" ind2="1">
      <subfield code="u">http://foobar.com</subfield>
    </datafield>
  </record>
  <record>
    <!-- 5. Only single 856 field (with exception) -->
    <datafield tag="856" ind1="4" ind2="1">
      <subfield code="z">book review</subfield>
      <subfield code="u">http://foobar.com</subfield>
    </datafield>
  </record>
  <record>
    <!-- 6. Multiple 856 fields (with exceptions) -->
    <datafield tag="856" ind1="4" ind2="1">
      <subfield code="z">BOOK review</subfield>
      <subfield code="u">http://foobar.com</subfield>
    </datafield>
    <datafield tag="856" ind1="4" ind2="1">
      <subfield code="z">pubLisher description</subfield>
      <subfield code="u">http://foobar.com</subfield>
    </datafield>
    <datafield tag="856" ind1="4" ind2="1">
      <subfield code="z">tabLe of Contents</subfield>
      <subfield code="u">http://foobar.com</subfield>
    </datafield>
    <datafield tag="856" ind1="4" ind2="1">
     <subfield code="z">Archive</subfield>
     <subfield code="u">http://archive-it.org/collections/4222</subfield>
   </datafield>
  </record>
  <record>
    <!-- 7. PRT field and 856 field (with exception)  -->
    <datafield tag="PRT" ind1=" " ind2=" ">
      <subfield code="a">foo</subfield>
    </datafield>
    <datafield tag="856" ind1="4" ind2="1">
      <subfield code="z">BOOK review</subfield>
      <subfield code="u">http://foobar.com</subfield>
    </datafield>
  </record>
  <record>
    <!-- 8. PRT field and 856 field (no exception)  -->
    <datafield tag="PRT" ind1=" " ind2=" ">
      <subfield code="a">foo</subfield>
    </datafield>
    <datafield tag="856" ind1="4" ind2="1">
      <subfield code="z">bar</subfield>
      <subfield code="u">http://foobar.com</subfield>
    </datafield>
  </record>
  <record>
    <!-- 9. ARCHIVE_IT_LINKS aren't included in Online Availability  -->
    <datafield tag="856" ind1="4" ind2="0">
      <subfield code="z">archive</subfield>
      <subfield code="u">https://archive-it.org/collections/4487</subfield>
    </datafield>
  </record>
  <record>
    <!-- 10. Only single 856 field (with archive-it exception) -->
    <datafield tag="856" ind1="4" ind2="1">
      <subfield code="z">Archive</subfield>
      <subfield code="u">http://archive-it.org/collections/4222</subfield>
    </datafield>
  </record>
  <record>
    <!-- 11. Links with temple url and scrc map to url_finding_aid_display -->
    <datafield tag="856" ind1="4" ind2="2">
      <subfield code="z">Finding aid</subfield>
      <subfield code="u">http://library.temple.edu/scrc</subfield>
    </datafield>
  </record>
  <record xmlns="http://www.loc.gov/MARC21/slim">
    <!-- 12. Indicator 7 does not map to Online  -->
    <datafield ind1="7" ind2=" " tag="856">
      <subfield code="u">http://www.access.gpo.gov/congress/commissions/secrecy/index.html</subfield>
      <subfield code="2">http</subfield>
    </datafield>
    <datafield ind1="7" ind2=" " tag="856">
      <subfield code="2">http</subfield>
      <subfield code="z">    Adobe Acrobat reader required to view individual sections of publication    </subfield>
      <subfield code="z">    URL accesses contents page of publication, from which link may be made to the individual sections    </subfield>
    </datafield>
  </record>
  <record>
    <!-- 13. ARCHIVE_IT_LINKS aren't included in Online Availability  -->
    <datafield tag="856" ind1="4" ind2="0">
      <subfield code="z">archive</subfield>
    </datafield>
  </record>
  <record>
    <!-- 14. Indicator1= 4 and indicator2 = NOT 2 maps to Online  -->
    <datafield tag="856" ind1="4" ind2="0">
      <subfield code="z">Adobe Acrobat reader required to view</subfield>
      <subfield code="u">http://www.access.gpo.gov/congress/commissions/secrecy/index.html</subfield>
    </datafield>
  </record>
  <record>
  <!-- 15. Finding aid and more links test record  -->
  <datafield tag="245" ind1="4" ind2="2">
    <subfield code="a">Camp Kennebec Alumni Collection, 1910-2016</subfield>
  </datafield>
  <datafield tag="856" ind1="4" ind2="2">
    <subfield code="3">View a description and list of collection contents in the online finding aid.</subfield>
    <subfield code="u">http://library.temple.edu/collections/scrc/camp-kennebec-alumni</subfield>
  </datafield>
  <datafield tag="856" ind1="4" ind2="0">
    <subfield code="3">View preserved website versions on Archive-It.</subfield>
    <subfield code="u">https://www.archive-it.org/collections/4280</subfield>
  </datafield>
</record>